@article {MR756517,
    AUTHOR = {Bouc, Serge},
     TITLE = {Homologie de certains ensembles ordonn\'es},
   JOURNAL = {C. R. Acad. Sci. Paris S\'er. I Math.},
  FJOURNAL = {Comptes Rendus des S\'eances de l'Acad\'emie des Sciences.
              S\'erie I. Math\'ematique},
    VOLUME = {299},
      YEAR = {1984},
    NUMBER = {2},
     PAGES = {49--52},
      ISSN = {0249-6291},
     CODEN = {CASMEI},
   MRCLASS = {20J05 (18G99)},
  MRNUMBER = {756517 (85k:20150)},
MRREVIEWER = {U. Stammbach},
}

@article{chessboard-graphs,
   AUTHOR = {Larri{\'o}n, F. and Piza{\~n}a, M. A. and Villarroel-Flores,
              R.},
     TITLE = {The clique operator on matching and chessboard graphs},
   JOURNAL = {Discrete Math.},
  FJOURNAL = {Discrete Mathematics},
    VOLUME = {309},
      YEAR = {2009},
    NUMBER = {1},
     PAGES = {85--93},
      ISSN = {0012-365X},
}
